@article{SYtmn,
   author = {{Stein}, L.~C. and {Yunes}, N.},
    title = "{Effective Gravitational Wave Stress-energy Tensor in Alternative Theories of Gravity}",
  journal = {{arXiv e-prints}},
archivePrefix = "arXiv",
   eprint = {1012.3144},
 primaryClass = "gr-qc",
 keywords = {General Relativity and Quantum Cosmology, Astrophysics - Cosmology and Extragalactic Astrophysics, High Energy Physics - Phenomenology, High Energy Physics - Theory},
     year = 2010,
    month = dec,
   adsurl = {http://adsabs.harvard.edu/abs/2010arXiv1012.3144S},
  adsnote = {Provided by the SAO/NASA Astrophysics Data System}
}

@article{SYBH,
   author = {{Yunes}, N. and {Stein}, L.~C.},
    title = "{Non-Spinning Black Holes in Alternative Theories of Gravity}",
  journal = {{arXiv e-prints}},
archivePrefix = "arXiv",
   eprint = {1101.2921},
 primaryClass = "gr-qc",
 keywords = {General Relativity and Quantum Cosmology, Astrophysics - Cosmology and Extragalactic Astrophysics, High Energy Physics - Phenomenology, High Energy Physics - Theory},
     year = 2011,
    month = jan,
   adsurl = {http://adsabs.harvard.edu/abs/2011arXiv1101.2921Y},
  adsnote = {Provided by the SAO/NASA Astrophysics Data System}
}

@article{Abadie2010,
author = {{J.\ Abadie et al.\ (The LIGO Scientific Collaboration and The Virgo Collaboration)}},
authors = {Abadie, J. and Abbott, B. P. and Abbott, R. and Accadia, T. and Acernese, F. and Adhikari, R. and Ajith, P. and Allen, B. and Allen, G. and {Amador Ceron}, E. and Amin, R. S. and Anderson, S. B. and Anderson, W. G. and Antonucci, F. and Arain, M. A. and Araya, M. and Arun, K. G. and Aso, Y. and Aston, S. and Astone, P. and Aufmuth, P. and Aulbert, C. and Babak, S. and Baker, P. and Ballardin, G. and Ballmer, S. and Barker, D. and Barone, F. and Barr, B. and Barriga, P. and Barsotti, L. and Barsuglia, M. and Barton, M. A. and Bartos, I. and Bassiri, R. and Bastarrika, M. and Bauer, Th. S. and Behnke, B. and Beker, M. G. and Belletoile, A. and Benacquista, M. and Betzwieser, J. and Beyersdorf, P. T. and Bigotta, S. and Bilenko, I. A. and Billingsley, G. and Birindelli, S. and Biswas, R. and Bizouard, M. A. and Black, E. and Blackburn, J. K. and Blackburn, L. and Blair, D. and Bland, B. and Blom, M. and Boccara, C. and Bock, O. and Bodiya, T. P. and Bondarescu, R. and Bondu, F. and Bonelli, L. and Bonnand, R. and Bork, R. and Born, M. and Bose, S. and Bosi, L. and Bouhou, B. and Braccini, S. and Bradaschia, C. and Brady, P. R. and Braginsky, V. B. and Brau, J. E. and Breyer, J. and Bridges, D. O. and Brillet, A. and Brinkmann, M. and Brisson, V. and Britzger, M. and Brooks, A. F. and Brown, D. A. and Budzyński, R. and Bulik, T. and Bullington, A. and Bulten, H. J. and Buonanno, A. and Burmeister, O. and Buskulic, D. and Buy, C. and Byer, R. L. and Cadonati, L. and Cagnoli, G. and Cain, J. and Calloni, E. and Camp, J. B. and Campagna, E. and Cannizzo, J. and Cannon, K. C. and Canuel, B. and Cao, J. and Capano, C. D. and Carbognani, F. and Cardenas, L. and Caudill, S. and Cavagli{\`a}, M. and Cavalier, F. and Cavalieri, R. and Cella, G. and Cepeda, C. and Cesarini, E. and Chalermsongsak, T. and Chalkley, E. and Charlton, P. and Chassande-Mottin, E. and Chatterji, S. and Chelkowski, S. and Chen, Y. and Chincarini, A. and Christensen, N. and Chua, S. S. Y. and Chung, C. T. Y. and Clark, D. and Clark, J. and Clayton, J. H. and Cleva, F. and Coccia, E. and Colacino, C. N. and Colas, J. and Colla, A. and Colombini, M. and Conte, R. and Cook, D. and Corbitt, T. R. C. and Cornish, N. and Corsi, A. and Coulon, {J.-P.} and Coward, D. and Coyne, D. C. and Creighton, J. D. E. and Creighton, T. D. and Cruise, A. M. and Culter, R. M. and Cumming, A. and Cunningham, L. and Cuoco, E. and Dahl, K. and Danilishin, S. L. and D’Antonio, S. and Danzmann, K. and Dattilo, V. and Daudert, B. and Davier, M. and Davies, G. and Daw, E. J. and Day, R. and Dayanga, T. and {{De Rosa}}, R. and DeBra, D. and Degallaix, J. and del Prete, M. and Dergachev, V. and DeSalvo, R. and Dhurandhar, S. and {{Di Fiore}}, L. and {{Di Lieto}}, A. and {{Di Paolo Emilio}}, M. and {{Di Virgilio}}, A. and D{\'i}az, M. and Dietz, A. and Donovan, F. and Dooley, K. L. and Doomes, E. E. and Drago, M. and Drever, R. W. P. and Driggers, J. and Dueck, J. and Duke, I. and Dumas, {J.-C.} and Edgar, M. and Edwards, M. and Effler, A. and Ehrens, P. and Etzel, T. and Evans, M. and Evans, T. and Fafone, V. and Fairhurst, S. and Faltas, Y. and Fan, Y. and Fazi, D. and Fehrmann, H. and Ferrante, I. and Fidecaro, F. and Finn, L. S. and Fiori, I. and Flaminio, R. and Flasch, K. and Foley, S. and Forrest, C. and Fotopoulos, N. and Fournier, J.-D. and Franc, J. and Frasca, S. and Frasconi, F. and Frede, M. and Frei, M. and Frei, Z. and Freise, A. and Frey, R. and Fricke, T. T. and Friedrich, D. and Fritschel, P. and Frolov, V. V. and Fulda, P. and Fyffe, M. and Galimberti, M. and Gammaitoni, L. and Garofoli, J. A. and Garufi, F. and Gemme, G. and Genin, E. and Gennai, A. and Ghosh, S. and Giaime, J. A. and Giampanis, S. and Giardina, K. D. and Giazotto, A. and Goetz, E. and Goggin, L. M. and Gonz{\'a}lez, G. and Go{\ss}ler, S. and Gouaty, R. and Granata, M. and Grant, A. and Gras, S. and Gray, C. and Greenhalgh, R. J. S. and Gretarsson, A. M. and Greverie, C. and Grosso, R. and Grote, H. and Grunewald, S. and Guidi, G. M. and Gustafson, E. K. and Gustafson, R. and Hage, B. and Hallam, J. M. and Hammer, D. and Hammond, G. D. and Hanna, C. and Hanson, J. and Harms, J. and Harry, G. M. and Harry, I. W. and Harstad, E. D. and Haughian, K. and Hayama, K. and Hayau, {J.-F.} and Hayler, T. and Heefner, J. and Heitmann, H. and Hello, P. and Heng, I. S. and Heptonstall, A. and Hewitson, M. and Hild, S. and Hirose, E. and Hoak, D. and Hodge, K. A. and Holt, K. and Hosken, D. J. and Hough, J. and Howell, E. and Hoyland, D. and Huet, D. and Hughey, B. and Husa, S. and Huttner, S. H. and Ingram, D. R. and Isogai, T. and Ivanov, A. and Jaranowski, P. and Johnson, W. W. and Jones, D. I. and Jones, G. and Jones, R. and Ju, L. and Kalmus, P. and Kalogera, V. and Kandhasamy, S. and Kanner, J. and Katsavounidis, E. and Kawabe, K. and Kawamura, S. and Kawazoe, F. and Kells, W. and Keppel, D. G. and Khalaidovski, A. and Khalili, F. Y. and Khan, R. and Khazanov, E. and Kim, H. and King, P. J. and Kissel, J. S. and Klimenko, S. and Kokeyama, K. and Kondrashov, V. and Kopparapu, R. and Koranda, S. and Kowalska, I. and Kozak, D. and Kringel, V. and Krishnan, B. and Kr{\'o}lak, A. and Kuehn, G. and Kullman, J. and Kumar, R. and Kwee, P. and Lam, P. K. and Landry, M. and Lang, M. and Lantz, B. and Lastzka, N. and Lazzarini, A. and Leaci, P. and Lei, M. and Leindecker, N. and Leonor, I. and Leroy, N. and Letendre, N. and Li, T. G. F. and Lin, H. and Lindquist, P. E. and Littenberg, T. B. and Lockerbie, N. A. and Lodhia, D. and Lorenzini, M. and Loriette, V. and Lormand, M. and Losurdo, G. and Lu, P. and Lubinski, M. and Lucianetti, A. and L{\"u}ck, H. and Lundgren, A. and Machenschalk, B. and MacInnis, M. and Mageswaran, M. and Mailand, K. and Majorana, E. and Mak, C. and Maksimovic, I. and Man, N. and Mandel, I. and Mandic, V. and Mantovani, M. and Marchesoni, F. and Marion, F. and M{'a}rka, S. and M{\'a}rka, Z. and Markosyan, A. and Markowitz, J. and Maros, E. and Marque, J. and Martelli, F. and Martin, I. W. and Martin, R. M. and Marx, J. N. and Mason, K. and Masserot, A. and Matichard, F. and Matone, L. and Matzner, R. A. and Mavalvala, N. and McCarthy, R. and McClelland, D. E. and McGuire, S. C. and McIntyre, G. and McKechan, D. J. A. and Mehmet, M. and Melatos, A. and Melissinos, A. C. and Mendell, G. and Men{\'e}ndez, D. F. and Mercer, R. A. and Merill, L. and Meshkov, S. and Messenger, C. and Meyer, M. S. and Miao, H. and Michel, C. and Milano, L. and Miller, J. and Minenkov, Y. and Mino, Y. and Mitra, S. and Mitrofanov, V. P. and Mitselmakher, G. and Mittleman, R. and Miyakawa, O. and Moe, B. and Mohan, M. and Mohanty, S. D. and Mohapatra, S. R. P. and Moreau, J. and Moreno, G. and Morgado, N. and Morgia, A. and Mors, K. and Mosca, S. and Moscatelli, V. and Mossavi, K. and Mours, B. and MowLowry, C. and Mueller, G. and Mukherjee, S. and Mullavey, A. and M{"\u}ller-Ebhardt, H. and Munch, J. and Murray, P. G. and Nash, T. and Nawrodt, R. and Nelson, J. and Neri, I. and Newton, G. and Nishida, E. and Nishizawa, A. and Nocera, F. and Ochsner, E. and O’Dell, J. and Ogin, G. H. and Oldenburg, R. and O’Reilly, B. and O’Shaughnessy, R. and Ottaway, D. J. and Ottens, R. S. and Overmier, H. and Owen, B. J. and Page, A. and Pagliaroli, G. and Palladino, L. and Palomba, C. and Pan, Y. and Pankow, C. and Paoletti, F. and Papa, M. A. and Pardi, S. and Parisi, M. and Pasqualetti, A. and Passaquieti, R. and Passuello, D. and Patel, P. and Pathak, D. and Pedraza, M. and Pekowsky, L. and Penn, S. and Peralta, C. and Perreca, A. and Persichetti, G. and Pichot, M. and Pickenpack, M. and Piergiovanni, F. and Pietka, M. and Pinard, L. and Pinto, I. M. and Pitkin, M. and Pletsch, H. J. and Plissi, M. V. and Poggiani, R. and Postiglione, F. and Prato, M. and Principe, M. and Prix, R. and Prodi, G. A. and Prokhorov, L. and Puncken, O. and Punturo, M. and Puppo, P. and Quetschke, V. and Raab, F. J. and Rabeling, D. S. and Radkins, H. and Raffai, P. and Raics, Z. and Rakhmanov, M. and Rapagnani, P. and Raymond, V. and Re, V. and Reed, C. M. and Reed, T. and Regimbau, T. and Rehbein, H. and Reid, S. and Reitze, D. H. and Ricci, F. and Riesen, R. and Riles, K. and Roberts, P. and Robertson, N. A. and Robinet, F. and Robinson, C. and Robinson, E. L. and Rocchi, A. and Roddy, S. and R{\"o}ver, C. and Rolland, L. and Rollins, J. and Romano, J. D. and Romano, R. and Romie, J. H. and Rosi{\'n}ska, D. and Rowan, S. and R{\"u}diger, A. and Ruggi, P. and Ryan, K. and Sakata, S. and Salemi, F. and Sammut, L. and {Sancho de la Jordana}, L. and Sandberg, V. and Sannibale, V. and Santamar\'{\i}a, L. and Santostasi, G. and Saraf, S. and Sarin, P. and Sassolas, B. and Sathyaprakash, B. S. and Sato, S. and Satterthwaite, M. and Saulson, P. R. and Savage, R. and Schilling, R. and Schnabel, R. and Schofield, R. and Schulz, B. and Schutz, B. F. and Schwinberg, P. and Scott, J. and Scott, S. M. and Searle, A. C. and Seifert, F. and Sellers, D. and Sengupta, A. S. and Sentenac, D. and Sergeev, A. and Shapiro, B. and Shawhan, P. and Shoemaker, D. H. and Sibley, A. and Siemens, X. and Sigg, D. and Sintes, A. M. and Skelton, G. and Slagmolen, B. J. J. and Slutsky, J. and Smith, J. R. and Smith, M. R. and Smith, N. D. and Somiya, K. and Sorazu, B. and Sperandio, L. and Stein, A. J. and Stein, L. C. and Steplewski, S. and Stochino, A. and Stone, R. and Strain, K. A. and Strigin, S. and Stroeer, A. and Sturani, R. and Stuver, A. L. and Summerscales, T. Z. and Sung, M. and Susmithan, S. and Sutton, P. J. and Swinkels, B. and Szokoly, G. P. and Talukder, D. and Tanner, D. B. and Tarabrin, S. P. and Taylor, J. R. and Taylor, R. and Thorne, K. A. and Thorne, K. S. and Th\"{u}ring, A. and Titsler, C. and Tokmakov, K. V. and Toncelli, A. and Tonelli, M. and Torres, C. and Torrie, C. I. and Tournefier, E. and Travasso, F. and Traylor, G. and Trias, M. and Trummer, J. and Turner, L. and Ugolini, D. and Urbanek, K. and Vahlbruch, H. and Vajente, G. and Vallisneri, M. and {{van den Brand}}, J. F. J. and {{Van Den Broeck}}, C. and {{van der Putten}}, S. and {{van der Sluys}}, M. V. and Vass, S. and Vaulin, R. and Vavoulidis, M. and Vecchio, A. and Vedovato, G. and {{van Veggel}}, A. A. and Veitch, J. and Veitch, P. J. and Veltkamp, C. and Verkindt, D. and Vetrano, F. and Vicer{\'e}, A. and Villar, A. and Vinet, {J.-Y.} and Vocca, H. and Vorvick, C. and Vyachanin, S. P. and Waldman, S. J. and Wallace, L. and Wanner, A. and Ward, R. L. and Was, M. and Wei, P. and Weinert, M. and Weinstein, A. J. and Weiss, R. and Wen, L. and Wen, S. and Wessels, P. and West, M. and Westphal, T. and Wette, K. and Whelan, J. T. and Whitcomb, S. E. and Whiting, B. F. and Wilkinson, C. and Willems, P. A. and Williams, H. R. and Williams, L. and Willke, B. and Wilmut, I. and Winkelmann, L. and Winkler, W. and Wipf, C. C. and Wiseman, A. G. and Woan, G. and Wooley, R. and Worden, J. and Yakushin, I. and Yamamoto, H. and Yamamoto, K. and Yeaton-Massey, D. and Yoshida, S. and Yvert, M. and Zanolin, M. and Zhang, L. and Zhang, Z. and Zhao, C. and Zotov, N. and Zucker, M. E. and Zweizig, J.},
doi = {10.1103/PhysRevD.81.102001},
journal = {Phys.\ Rev.\ D},
month = may,
number = {10},
pages = {102001},
title = {{All-sky search for gravitational-wave bursts in the first joint LIGO-GEO-Virgo run}},
url = {http://link.aps.org/doi/10.1103/PhysRevD.81.102001},
volume = {81},
year = {2010}
}
@article{Abbott2009,
author = {{B.\ P. Abbott et al.\ (The LIGO Scientific Collaboration)}},
authors = {Abbott, B P and Abbott, R and Adhikari, R and Ajith, P and Allen, B and Allen, G and Amin, R S and Anderson, S B and Anderson, W G and Arain, M A and Araya, M and Armandula, H and Armor, P and Aso, Y and Aston, S and Aufmuth, P and Aulbert, C and Babak, S and Baker, P and Ballmer, S and Barker, C and Barker, D and Barr, B and Barriga, P and Barsotti, L and Barton, M A and Bartos, I and Bassiri, R and Bastarrika, M and Behnke, B and Benacquista, M and Betzwieser, J and Beyersdorf, P T and Bilenko, I A and Billingsley, G and Biswas, R and Black, E and Blackburn, J K and Blackburn, L and Blair, D and Bland, B and Bodiya, T P and Bogue, L and Bork, R and Boschi, V and Bose, S and Brady, P R and Braginsky, V B and Brau, J E and Bridges, D O and Brinkmann, M and Brooks, A F and Brown, D A and Brummit, A and Brunet, G and Bullington, A and Buonanno, A and Burmeister, O and Byer, R L and Cadonati, L and Camp, J B and Cannizzo, J and Cannon, K C and Cao, J and Cardenas, L and Caride, S and Castaldi, G and Caudill, S and Cavagli\`{a}, M and Cepeda, C and Chalermsongsak, T and Chalkley, E and Charlton, P and Chatterji, S and Chelkowski, S and Chen, Y and Christensen, N and Chung, C T Y and Clark, D and Clark, J and Clayton, J H and Cokelaer, T and Colacino, C N and Conte, R and Cook, D and Corbitt, T R C and Cornish, N and Coward, D and Coyne, D C and Creighton, J D E and Creighton, T D and Cruise, A M and Culter, R M and Cumming, A and Cunningham, L and Danilishin, S L and Danzmann, K and Daudert, B and Davies, G and Daw, E J and DeBra, D and Degallaix, J and Dergachev, V and Desai, S and DeSalvo, R and Dhurandhar, S and D\'{\i}az, M and Dietz, A and Donovan, F and Dooley, K L and Doomes, E E and Drever, R W P and Dueck, J and Duke, I and Dumas, J-C and Dwyer, J G and Echols, C and Edgar, M and Effler, A and Ehrens, P and Espinoza, E and Etzel, T and Evans, M and Evans, T and Fairhurst, S and Faltas, Y and Fan, Y and Fazi, D and Fehrmenn, H and Finn, L S and Flasch, K and Foley, S and Forrest, C and Fotopoulos, N and Franzen, A and Frede, M and Frei, M and Frei, Z and Freise, A and Frey, R and Fricke, T and Fritschel, P and Frolov, V V and Fyffe, M and Galdi, V and Garofoli, J A and Gholami, I and Giaime, J A and Giampanis, S and Giardina, K D and Goda, K and Goetz, E and Goggin, L M and Gonz\'{a}lez, G and Gorodetsky, M L and Go\ss ler, S and Gouaty, R and Grant, A and Gras, S and Gray, C and Gray, M and Greenhalgh, R J S and Gretarsson, A M and Grimaldi, F and Grosso, R and Grote, H and Grunewald, S and Guenther, M and Gustafson, E K and Gustafson, R and Hage, B and Hallam, J M and Hammer, D and Hammond, G D and Hanna, C and Hanson, J and Harms, J and Harry, G M and Harry, I W and Harstad, E D and Haughian, K and Hayama, K and Heefner, J and Heng, I S and Heptonstall, A and Hewitson, M and Hild, S and Hirose, E and Hoak, D and Hodge, K A and Holt, K and Hosken, D J and Hough, J and Hoyland, D and Hughey, B and Huttner, S H and Ingram, D R and Isogai, T and Ito, M and Ivanov, A and Johnson, B and Johnson, W W and Jones, D I and Jones, G and Jones, R and Ju, L and Kalmus, P and Kalogera, V and Kandhasamy, S and Kanner, J and Kasprzyk, D and Katsavounidis, E and Kawabe, K and Kawamura, S and Kawazoe, F and Kells, W and Keppel, D G and Khalaidovski, A and Khalili, F Y and Khan, R and Khazanov, E and King, P and Kissel, J S and Klimenko, S and Kokeyama, K and Kondrashov, V and Kopparapu, R and Koranda, S and Kozak, D and Krishnan, B and Kumar, R and Kwee, P and Lam, P K and Landry, M and Lantz, B and Lazzarini, A and Lei, H and Lei, M and Leindecker, N and Leonor, I and Li, C and Lin, H and Lindquist, P E and Littenberg, T B and Lockerbie, N A and Lodhia, D and Longo, M and Lormand, M and Lu, P and Lubinski, M and Lucianetti, A and L\"{u}ck, H and Machenschalk, B and MacInnis, M and Mageswaran, M and Mailand, K and Mandel, I and Mandic, V and M\'{a}rka, S and M\'{a}rka, Z and Markosyan, A and Markowitz, J and Maros, E and Martin, I W and Martin, R M and Marx, J N and Mason, K and Matichard, F and Matone, L and Matzner, R A and Mavalvala, N and McCarthy, R and McClelland, D E and McGuire, S C and McHugh, M and McIntyre, G and McKechan, D J A and McKenzie, K and Mehmet, M and Melatos, A and Melissinos, A C and Men\'{e}ndez, D F and Mendell, G and Mercer, R A and Meshkov, S and Messenger, C and Meyer, M S and Miller, J and Minelli, J and Mino, Y and Mitrofanov, V P and Mitselmakher, G and Mittleman, R and Miyakawa, O and Moe, B and Mohanty, S D and Mohapatra, S R P and Moreno, G and Morioka, T and Mors, K and Mossavi, K and MowLowry, C and Mueller, G and M\"{u}ller-Ebhardt, H and Muhammad, D and Mukherjee, S and Mukhopadhyay, H and Mullavey, A and Munch, J and Murray, P G and Myers, E and Myers, J and Nash, T and Nelson, J and Newton, G and Nishizawa, A and Numata, K and O'Dell, J and O'Reilly, B and O'Shaughnessy, R and Ochsner, E and Ogin, G H and Ottaway, D J and Ottens, R S and Overmier, H and Owen, B J and Pan, Y and Pankow, C and Papa, M A and Parameshwaraiah, V and Patel, P and Pedraza, M and Penn, S and Perraca, A and Pierro, V and Pinto, I M and Pitkin, M and Pletsch, H J and Plissi, M V and Postiglione, F and Principe, M and Prix, R and Prokhorov, L and Punken, O and Quetschke, V and Raab, F J and Rabeling, D S and Radkins, H and Raffai, P and Raics, Z and Rainer, N and Rakhmanov, M and Raymond, V and Reed, C M and Reed, T and Rehbein, H and Reid, S and Reitze, D H and Riesen, R and Riles, K and Rivera, B and Roberts, P and Robertson, N A and Robinson, C and Robinson, E L and Roddy, S and R\"{o}ver, C and Rollins, J and Romano, J D and Romie, J H and Rowan, S and R\"{u}diger, A and Russell, P and Ryan, K and Sakata, S and de la Jordana, L Sancho and Sandberg, V and Sannibale, V and Santamar\'{\i}a, L and Saraf, S and Sarin, P and Sathyaprakash, B S and Sato, S and Satterthwaite, M and Saulson, P R and Savage, R and Savov, P and Scanlan, M and Schilling, R and Schnabel, R and Schofield, R and Schulz, B and Schutz, B F and Schwinberg, P and Scott, J and Scott, S M and Searle, A C and Sears, B and Seifert, F and Sellers, D and Sengupta, A S and Sergeev, A and Shapiro, B and Shawhan, P and Shoemaker, D H and Sibley, A and Siemens, X and Sigg, D and Sinha, S and Sintes, A M and Slagmolen, B J J and Slutsky, J and Smith, J R and Smith, M R and Smith, N D and Somiya, K and Sorazu, B and Stein, A and Stein, L C and Steplewski, S and Stochino, A and Stone, R and Strain, K A and Strigin, S and Stroeer, A and Stuver, A L and Summerscales, T Z and Sun, K-X and Sung, M and Sutton, P J and Szokoly, G P and Talukder, D and Tang, L and Tanner, D B and Tarabrin, S P and Taylor, J R and Taylor, R and Thacker, J and Thorne, K A and Th\"{u}ring, A and Tokmakov, K V and Torres, C and Torrie, C and Traylor, G and Trias, M and Ugolini, D and Ulmen, J and Urbanek, K and Vahlbruch, H and Vallisneri, M and Broeck, C Van Den and van der Sluys, M V and van Veggel, A A and Vass, S and Vaulin, R and Vecchio, A and Veitch, J and Veitch, P and Veltkamp, C and Villar, A and Vorvick, C and Vyachanin, S P and Waldman, S J and Wallace, L and Ward, R L and Weidner, A and Weinert, M and Weinstein, A J and Weiss, R and Wen, L and Wen, S and Wette, K and Whelan, J T and Whitcomb, S E and Whiting, B F and Wilkinson, C and Willems, P A and Williams, H R and Williams, L and Willke, B and Wilmut, I and Winkelmann, L and Winkler, W and Wipf, C C and Wiseman, A G and Woan, G and Wooley, R and Worden, J and Wu, W and Yakushin, I and Yamamoto, H and Yan, Z and Yoshida, S and Zanolin, M and Zhang, J and Zhang, L and Zhao, C and Zotov, N and Zucker, M E and zur M\"{u}hlen, H and Zweizig, J},
doi = {10.1088/0034-4885/72/7/076901},
journal = {Rep.\ Prog.\ Phys.},
month = jul,
number = {7},
pages = {076901},
title = {{LIGO: the Laser Interferometer Gravitational-Wave Observatory}},
url = {http://stacks.iop.org/0034-4885/72/i=7/a=076901},
volume = {72},
year = {2009}
}
@article{Abramovici1992,
author = {Abramovici, Alex and Althouse, William E and Drever, Ronald W P and G\"{u}rsel, Yekta and Kawamura, Seiji and Raab, Frederick J and Shoemaker, David and Sievers, Lisa and Spero, Robert E and Thorne, Kip S and Vogt, Rochus E and Weiss, Rainer and Whitcomb, Stanley E and Zucker, Michael E},
doi = {10.1126/science.256.5055.325},
journal = {Science},
month = apr,
number = {5055},
pages = {325--333},
title = {{LIGO: The Laser Interferometer Gravitational-Wave Observatory.}},
url = {http://www.sciencemag.org/cgi/content/abstract/256/5055/325},
volume = {256},
year = {1992}
}
@article{Accadia2010,
author ={{T.\ Accadia et al.}},
authors = {Accadia, T and Acernese, F and Antonucci, F and Aoudia, S and Arun, K G and Astone, P and Ballardin, G and Barone, F and Barsuglia, M and Bauer, Th S and Beker, M G and Belletoile, A and Bigotta, S and Birindelli, S and Bizouard, M A and Blom, M and Boccara, C and Bondu, F and Bonelli, L and Bonnand, R and Bosi, L and Braccini, S and Bradaschia, C and Brillet, A and Brisson, V and Budzynski, R and Bulik, T and Bulten, H J and Buskulic, D and Buy, C and Cagnoli, G and Calloni, E and Campagna, E and Canuel, B and Carbognani, F and Cavalier, F and Cavalieri, R and Cella, G and Cesarini, E and Chassande-Mottin, E and Chincarini, A and Cleva, F and Coccia, E and Colacino, C N and Colas, J and Colla, A and Colombini, M and Corsi, A and Coulon, J-P and Cuoco, E and D'Antonio, S and Dari, A and Dattilo, V and Davier, M and Day, R and Rosa, R De and del Prete, M and Fiore, L Di and Lieto, A Di and Emilio, M Di Paolo and Virgilio, A Di and Dietz, A and Drago, M and Fafone, V and Ferrante, I and Fidecaro, F and Fiori, I and Flaminio, R and Fournier, J-D and Franc, J and Frasca, S and Frasconi, F and Freise, A and Galimberti, M and Gammaitoni, L and Garufi, F and Gemme, G and Genin, E and Gennai, A and Giazotto, A and Gouaty, R and Granata, M and Greverie, C and Guidi, G and Heitmann, H and Hello, P and Hild, S and Huet, D and Jaranowski, P and Kowalska, I and Kr\'{o}lak, A and Penna, P La and Leroy, N and Letendre, N and Li, T G F and Lorenzini, M and Loriette, V and Losurdo, G and Mackowski, J-M and Majorana, E and Man, N and Mantovani, M and Marchesoni, F and Marion, F and Marque, J and Martelli, F and Masserot, A and Menzinger, F and Michel, C and Milano, L and Minenkov, Y and Mohan, M and Moreau, J and Morgado, N and Morgia, A and Mosca, S and Moscatelli, V and Mours, B and Neri, I and Nocera, F and Pagliaroli, G and Palomba, C and Paoletti, F and Pardi, S and Parisi, M and Pasqualetti, A and Passaquieti, R and Passuello, D and Persichetti, G and Pichot, M and Piergiovanni, F and Pietka, M and Pinard, L and Poggiani, R and Prato, M and Prodi, G A and Punturo, M and Puppo, P and Rabaste, O and Rabeling, D S and Rapagnani, P and Re, V and Regimbau, T and Ricci, F and Robinet, F and Rocchi, A and Rolland, L and Romano, R and Rosinska, D and Ruggi, P and Sassolas, B and Sentenac, D and Sturani, R and Swinkels, B and Toncelli, A and Tonelli, M and Tournefier, E and Travasso, F and Trummer, J and Vajente, G and van den Brand, J F J and van der Putten, S and Vavoulidis, M and Vedovato, G and Verkindt, D and Vetrano, F and Vicer\'{e}, A and Vinet, J-Y and Vocca, H and Was, M and Yvert, M},
doi = {10.1088/1742-6596/203/1/012074},
journal = {J. Phys.: Conf. Ser.},
month = jan,
number = {1},
pages = {012074},
title = {{Status and perspectives of the Virgo gravitational wave detector}},
url = {http://stacks.iop.org/1742-6596/203/i=1/a=012074},
volume = {203},
year = {2010}
}
@article{Adelberger2003,
author = {Adelberger, E.G. and Heckel, B.R. and Nelson, A.E.},
doi = {10.1146/annurev.nucl.53.041002.110503},
journal = {Annu.\ Rev.\ Nucl.\ Part.\ Sci.},
month = dec,
number = {1},
pages = {77--121},
publisher = {Annual Reviews  4139 El Camino Way, P.O. Box 10139, Palo Alto, CA 94303-0139, USA},
title = {{Tests Of The Gravitational Inverse-Square Law}},
url = {http://arjournals.annualreviews.org/doi/abs/10.1146/annurev.nucl.53.041002.110503},
volume = {53},
year = {2003}
}
@article{Adelberger2009,
author = {Adelberger, E and Gundlach, J and Heckel, B and Hoedl, S and Schlamminger, S},
doi = {10.1016/j.ppnp.2008.08.002},
journal = {Prog.\ Part.\ Nucl.\ Phys.},
month = jan,
number = {1},
pages = {102--134},
title = {{Torsion balance experiments: A low-energy frontier of particle physics}},
url = {http://dx.doi.org/10.1016/j.ppnp.2008.08.002},
volume = {62},
year = {2009}
}
@article{Alexander2009a,
author = {Alexander, Stephon and Yunes, Nicol\'{a}s},
doi = {10.1016/j.physrep.2009.07.002},
journal = {Phys.\ Rep.},
keywords = {chern,loop quantum gravity,parity violation,simons,string theory},
month = aug,
number = {1--2},
pages = {1--55},
title = {{Chern-Simons modified general relativity}},
url = {http://dx.doi.org/10.1016/j.physrep.2009.07.002},
volume = {480},
year = {2009}
}
@article{Amaro-Seoane2007,
author = {Amaro-Seoane, Pau and Gair, Jonathan R and Freitag, Marc and Miller, M Coleman and Mandel, Ilya and Cutler, Curt J and Babak, Stanislav},
doi = {10.1088/0264-9381/24/17/R01},
journal = {Classical Quantum Gravity},
month = sep,
number = {17},
pages = {R113--R169},
title = {{Intermediate and extreme mass-ratio inspirals—astrophysics, science applications and detection using LISA}},
url = {http://stacks.iop.org/0264-9381/24/i=17/a=R01},
volume = {24},
year = {2007}
}
@article{Babak2007,
arxivId = {gr-qc/0607007},
author = {Babak, Stanislav and Fang, Hua and Gair, Jonathan and Glampedakis, Kostas and Hughes, Scott},
doi = {10.1103/PhysRevD.75.024005},
journal = {Phys.\ Rev.\ D},
keywords = {Astrophysics,General Relativity and Quantum Cosmology},
month = jan,
number = {2},
pages = {024005},
title = {{``Kludge'' gravitational waveforms for a test-body orbiting a Kerr black hole}},
url = {http://arxiv.org/abs/gr-qc/0607007},
volume = {75},
year = {2007}
}
@article{Barack2007,
arxivId = {gr-qc/0612029},
author = {Barack, Leor and Cutler, Curt},
doi = {10.1103/PhysRevD.75.042003},
journal = {Phys.\ Rev.\ D},
month = feb,
number = {4},
pages = {042003},
title = {{Using LISA extreme-mass-ratio inspiral sources to test off-Kerr deviations in the geometry of massive black holes}},
url = {http://prd.aps.org/abstract/PRD/v75/i4/e042003},
volume = {75},
year = {2007}
}
@article{Barausse2008,
arxivId = {0803.3433},
author = {Barausse, Enrico and Sotiriou, Thomas P.},
doi = {10.1103/PhysRevLett.101.099001},
journal = {Phys.\ Rev.\ Lett.},
keywords = {Astrophysics,General Relativity and Quantum Cosmology},
month = aug,
number = {9},
pages = {099001},
title = {{Perturbed Kerr Black Holes Can Probe Deviations from General Relativity}},
url = {http://arxiv.org/abs/0803.3433},
volume = {101},
year = {2008}
}
@article{Barausse2008a,
arxivId = {0712.1141},
author = {Barausse, E and Sotiriou, T P and Miller, J C},
doi = {10.1088/0264-9381/25/10/105008},
journal = {Classical Quantum Gravity},
keywords = {Astrophysics,General Relativity and Quantum Cosmology,High Energy Physics - Phenomenology},
month = may,
number = {10},
pages = {105008},
title = {{Curvature singularities, tidal forces and the viability of Palatini $f(R)$ gravity}},
url = {http://arxiv.org/abs/0712.1141},
volume = {25},
year = {2008}
}
@article{Barausse2008b,
arxivId = {gr-qc/0703132},
author = {Barausse, Enrico and Sotiriou, Thomas P and Miller, John C},
doi = {10.1088/0264-9381/25/6/062001},
journal = {Classical Quantum Gravity},
keywords = {Astrophysics,General Relativity and Quantum Cosmology,High Energy Physics - Theory},
month = mar,
number = {6},
pages = {062001},
title = {{A no-go theorem for polytropic spheres in Palatini $f(R)$ gravity}},
url = {http://arxiv.org/abs/gr-qc/0703132},
volume = {25},
year = {2008}
}
@techreport{Bender1998,
address = {Garching},
author = {Bender, P. and Brillet, A. and Ciufolini, I. and Cruise, A. M. and Cutler, C. and Danzmann, K. and Fidecaro, F. and Folkner, W. M. and Hough, J. and McNamara, P. and Peterseim, M. and Robertson, D. and Rodrigues, M. and R\"{u}diger, A. and Sandford, M. and Sch\"{a}fer, G. and Schilling, R. and Schutz, B. and Speake, C. and Stebbins, R. T. and Sumner, T. and Touboul, P. and Vinet, {J.-Y.} and Vitale, S. and Ward, H. and Winkler, W.},
edition = {Second},
institution = {Max-Planck-Institut f\"{u}r Quantenoptik},
title = {{LISA Pre-Phase A Report}},
year = {1998}
}
@article{Berti2005,
arxivId = {gr-qc/0411129},
author = {Berti, Emanuele and Buonanno, Alessandra and Will, Clifford},
doi = {10.1103/PhysRevD.71.084025},
journal = {Phys.\ Rev.\ D},
keywords = {Gravitational radiation detectors,Gravitational wave detectors and experiments,Post-Newtonian approximation,Wave generation and sources,and other instrumentation and techniques,mass spectrometers,perturbation theory,related approximations},
month = apr,
number = {8},
pages = {84025},
title = {{Estimating spinning binary parameters and testing alternative theories of gravity with LISA}},
url = {http://adsabs.harvard.edu/abs/2005PhRvD..71h4025B},
volume = {71},
year = {2005}
}
@article{Bertotti2003,
author = {Bertotti, B and Iess, L and Tortora, P},
doi = {10.1038/nature01997},
journal = {Nature},
month = sep,
number = {6956},
pages = {374--376},
title = {{A test of general relativity using radio links with the Cassini spacecraft.}},
url = {http://dx.doi.org/10.1038/nature01997},
volume = {425},
year = {2003}
}
@book{Binney1987,
address = {Princeton},
author = {Binney, J. and Tremaine, S.},
edition = {First},
publisher = {Princeton University Press},
title = {{Galactic Dynamics}},
year = {1987}
}
@article{Bisabr2010,
arxivId = {1005.5670},
author = {Bisabr, Y.},
doi = {10.1134/S0202289310030084},
journal = {Gravit.\ Cosmol.},
keywords = {General Relativity and Quantum Cosmology},
month = aug,
number = {3},
pages = {239--244},
title = {{Local gravity constraints and power law $f(R)$ theories}},
url = {http://www.springerlink.com/index/10.1134/S0202289310030084},
volume = {16},
year = {2010}
}
@article{Buchdahl1970,
author = {Buchdahl, H. A.},
journal = {Mon.\ Not.\ R.\ Astron.\ Soc.},
pages = {1--8},
title = {{Non-linear Lagrangians and cosmological theory}},
url = {http://adsabs.harvard.edu/abs/1970MNRAS.150....1B},
volume = {150},
year = {1970}
}
@article{Butcher2010,
arxivId = {1008.4061},
author = {Butcher, Luke M. and Hobson, Michael and Lasenby, Anthony},
doi = {10.1103/PhysRevD.82.104040},
journal = {Phys.\ Rev.\ D},
keywords = {General Relativity and Quantum Cosmology},
month = nov,
number = {10},
pages = {104040},
title = {{Localizing the energy and momentum of linear gravity}},
url = {http://link.aps.org/doi/10.1103/PhysRevD.82.104040},
volume = {82},
year = {2010}
}
@article{Capozziello2007,
arxivId = {0708.0723},
author = {Capozziello, S. and Stabile, A. and Troisi, A.},
doi = {10.1103/PhysRevD.76.104019},
journal = {Phys.\ Rev.\ D},
keywords = {Astrophysics,General Relativity and Quantum Cosmology},
month = nov,
number = {10},
pages = {104019},
title = {{Newtonian limit of f(R) gravity}},
url = {http://arxiv.org/abs/0708.0723},
volume = {76},
year = {2007}
}
@article{Capozziello2008,
arxivId = {0812.2272},
author = {Capozziello, S. and Corda, C. and {De Laurentis}, M.},
doi = {10.1016/j.physletb.2008.10.001},
journal = {Phys.\ Lett.\ B},
keywords = {Astrophysics},
month = nov,
number = {5},
pages = {255--259},
title = {{Massive gravitational waves from $f(R)$ theories of gravity: Potential detection with LISA}},
url = {http://linkinghub.elsevier.com/retrieve/pii/S0370269308012343},
volume = {669},
year = {2008}
}
@article{Capozziello2009a,
arxivId = {0901.0448},
author = {Capozziello, S. and Stabile, A. and Troisi, A.},
doi = {10.1142/S0217732309030382},
journal = {Mod.\ Phys.\ Lett.\ A},
keywords = {Cosmology and Extragalactic Astrophysics,General Relativity and Quantum Cosmology},
month = jan,
number = {09},
pages = {659--665},
title = {{A General Solution in the Newtonian Limit of $f(R)$-gravity}},
url = {http://arxiv.org/abs/0901.0448},
volume = {24},
year = {2009}
}
@article{Capozziello2009b,
author = {Capozziello, S. and Stabile, A.},
doi = {10.1088/0264-9381/26/8/085019},
journal = {Classical Quantum Gravity},
month = apr,
number = {8},
pages = {085019},
title = {{The Newtonian limit of metric gravity theories with quadratic Lagrangians}},
url = {http://stacks.iop.org/0264-9381/26/i=8/a=085019},
volume = {26},
year = {2009}
}
@article{Carter1971,
author = {Carter, B.},
doi = {10.1103/PhysRevLett.26.331},
journal = {Phys.\ Rev.\ Lett.},
month = feb,
number = {6},
pages = {331--333},
title = {{Axisymmetric Black Hole Has Only Two Degrees of Freedom}},
url = {http://prl.aps.org/abstract/PRL/v26/i6/p331_1},
volume = {26},
year = {1971}
}
@article{Clifton2008,
author = {Clifton, Timothy},
doi = {10.1103/PhysRevD.77.024041},
journal = {Phys.\ Rev.\ D},
month = jan,
number = {2},
pages = {024041},
title = {{Parametrized post-Newtonian limit of fourth-order theories of gravity}},
url = {http://prd.aps.org/abstract/PRD/v77/i2/e024041},
volume = {77},
year = {2008}
}
@article{Chiba2007a,
arxivId = {astro-ph/0611867},
author = {Chiba, Takeshi and Smith, Tristan and Erickcek, Adrienne},
doi = {10.1103/PhysRevD.75.124014},
journal = {Phys.\ Rev.\ D},
keywords = {Astrophysics,General Relativity and Quantum Cosmology,High Energy Physics - Phenomenology},
month = jun,
number = {12},
pages = {124014},
title = {{Solar System constraints to general $f(R)$ gravity}},
url = {http://arxiv.org/abs/astro-ph/0611867},
volume = {75},
year = {2007}
}
@article{Collins2004,
arxivId = {gr-qc/0402063},
author = {Collins, Nathan and Hughes, Scott},
doi = {10.1103/PhysRevD.69.124022},
journal = {Phys.\ Rev.\ D},
month = jun,
number = {12},
pages = {124022(16)},
title = {{Towards a formalism for mapping the spacetimes of massive compact objects: Bumpy black holes and their orbits}},
url = {http://prd.aps.org/abstract/PRD/v69/i12/e124022},
volume = {69},
year = {2004}
}
@article{Corda2007,
arxivId = {0711.4917},
author = {Corda, Christian},
doi = {10.1142/S0217751X08038603},
journal = {Internat.\ J.\ Modern Phys.\ A},
keywords = {General Relativity and Quantum Cosmology},
month = nov,
number = {10},
pages = {1521--1535},
title = {{Massive gravitational waves from the $R^2$ theory of gravity: production and response of interferometers}},
url = {http://arxiv.org/abs/0711.4917},
volume = {23},
year = {2007}
}
@article{Corda2009,
author = {Corda, Christian},
doi = {10.1140/epjc/s10052-009-1100-5},
journal = {Eur.\ Phys.\ J.\ C},
month = oct,
number = {1--2},
pages = {257--267},
title = {{Massive relic gravitational waves from $f(R)$ theories of gravity: production and potential detection}},
url = {http://www.springerlink.com/content/0pg832883628p874},
volume = {65},
year = {2009}
}
@book{Cox2000,
address = {New York},
author = {Cox, Arthur N.},
edition = {Fourth},
publisher = {Springer-Verlag},
title = {{Allen's Astrophysical Quantities}},
year = {2000}
}
@article{Danzmann2003,
author = {Danzmann, Karsten and R\"{u}diger, Albrecht},
doi = {10.1088/0264-9381/20/10/301},
journal = {Classical Quantum Gravity},
month = may,
number = {10},
pages = {S1--S9},
title = {{LISA technology concept, status, prospects}},
url = {http://stacks.iop.org/0264-9381/20/i=10/a=301},
volume = {20},
year = {2003}
}
@article{DeFelice2010,
arxivId = {1002.4928},
author = {{De Felice}, Antonio and Tsujikawa, Shinji},
journal = {Living Reviews in Relativity},
keywords = {Cosmology and Extragalactic Astrophysics,General Relativity and Quantum Cosmology,High Energy Physics - Phenomenology,High Energy Physics - Theory},
month = feb,
number = {3},
title = {{$f(R)$ theories}},
url = {http://www.livingreviews.org/lrr-2010-3},
volume = {13},
year = {2010}
}
@article{Detweiler2008,
arxivId = {0804.3529},
author = {Detweiler, Steven},
doi = {10.1103/PhysRevD.77.124026},
journal = {Phys.\ Rev.\ D},
month = jun,
number = {12},
pages = {124026},
title = {{Consequence of the gravitational self-force for circular orbits of the Schwarzschild geometry}},
url = {http://prd.aps.org/abstract/PRD/v77/i12/e124026},
volume = {77},
year = {2008}
}
@article{Dyer2009a,
author = {Dyer, Ethan and Hinterbichler, Kurt},
doi = {10.1103/PhysRevD.79.024028},
journal = {Phys.\ Rev.\ D},
month = jan,
number = {2},
pages = {024028},
publisher = {American Physical Society},
title = {{Boundary terms, variational principles, and higher derivative modified gravity}},
url = {http://link.aps.org/doi/10.1103/PhysRevD.79.024028},
volume = {79},
year = {2009}
}
@article{Everitt2009,
author = {Everitt, C. W. F. and Adams, M. and Bencze, W. and Buchman, S. and Clarke, B. and Conklin, J. W. and DeBra, D. B. and Dolphin, M. and Heifetz, M. and Hipkins, D. and Holmes, T. and Keiser, G. M. and Kolodziejczak, J. and Li, J. and Lipa, J. and Lockhart, J. M. and Mester, J. C. and Muhlfelder, B. and Ohshima, Y. and Parkinson, B. W. and Salomon, M. and Silbergleit, A. and Solomonik, V. and Stahl, K. and Taber, M. and Turneaure, J. P. and Wang, S. and Worden, P. W.},
doi = {10.1007/s11214-009-9524-7},
journal = {Space Sci.\ Rev.},
month = jun,
number = {1-4},
pages = {53--69},
title = {{Gravity Probe B Data Analysis}},
url = {http://www.springerlink.com/content/3646r80k4ju20621},
volume = {148},
year = {2009}
}
@article{Exirifard2008,
arxivId = {0705.1879},
author = {Exirifard, Q. and Sheik-Jabbari, M.},
doi = {10.1016/j.physletb.2008.02.012},
journal = {Phys.\ Lett.\ B},
keywords = {Astrophysics,General Relativity and Quantum Cosmology,High Energy Physics - Theory},
month = mar,
number = {2-3},
pages = {158--161},
title = {{Lovelock gravity at the crossroads of Palatini and metric formulations}},
url = {http://arxiv.org/abs/0705.1879},
volume = {661},
year = {2008}
}
@article{Faulkner2007,
author = {Faulkner, Thomas and Tegmark, Max and Bunn, Emory F. and Mao, Yi},
doi = {10.1103/PhysRevD.76.063505},
journal = {Phys.\ Rev.\ D},
month = sep,
number = {6},
pages = {063505},
title = {{Constraining f(R) gravity as a scalar-tensor theory}},
url = {http://prd.aps.org/abstract/PRD/v76/i6/e063505},
volume = {76},
year = {2007}
}
@article{Gair2008a,
arxivId = {0708.0628},
author = {Gair, Jonathan and Li, Chao and Mandel, Ilya},
doi = {10.1103/PhysRevD.77.024035},
journal = {Phys.\ Rev.\ D},
keywords = {General Relativity and Quantum Cosmology},
month = jan,
number = {2},
pages = {024035},
title = {{Observable properties of orbits in exact bumpy spacetimes}},
url = {http://arxiv.org/abs/0708.0628},
volume = {77},
year = {2008}
}
@article{Gibbons1977,
author = {Gibbons, G. W. and Hawking, S. W.},
doi = {10.1103/PhysRevD.15.2752},
journal = {Phys.\ Rev.\ D},
month = may,
number = {10},
pages = {2752--2756},
title = {{Action integrals and partition functions in quantum gravity}},
url = {http://prd.aps.org/abstract/PRD/v15/i10/p2752_1},
volume = {15},
year = {1977}
}
@article{Glampedakis2006a,
arxivId = {gr-qc/0510057},
author = {Glampedakis, Kostas and Babak, Stanislav},
doi = {10.1088/0264-9381/23/12/013},
journal = {Classical Quantum Gravity},
keywords = {Astrophysics,General Relativity and Quantum Cosmology},
month = jun,
number = {12},
pages = {4167--4188},
title = {{Mapping spacetimes with LISA: inspiral of a test body in a ‘quasi-Kerr’ field}},
url = {http://arxiv.org/abs/gr-qc/0510057},
volume = {23},
year = {2006}
}
@article{Guarnizo2010,
arxivId = {1002.0617},
author = {Guarnizo, Alejandro and Casta\~{n}eda, Leonardo and Tejeiro, Juan M.},
doi = {10.1007/s10714-010-1012-6},
journal = {Gen.\ Relativity Gravitation},
keywords = {General Relativity and Quantum Cosmology,High Energy Physics - Theory},
month = may,
number = {11},
pages = {2713--2728},
title = {{Boundary term in metric $f(R)$ gravity: field equations in the metric formalism}},
volume = {42},
year = {2010}
}
@article{Hansen1974,
author = {Hansen, R. O.},
doi = {10.1063/1.1666501},
journal = {J.\ Math.\ Phys.},
number = {1},
pages = {46--52},
title = {{Multipole moments of stationary space-times}},
url = {http://link.aip.org/link/?JMP/15/46/1&Agg=doi},
volume = {15},
year = {1974}
}
@article{Hawking1972,
author = {Hawking, S. W.},
doi = {10.1007/BF01877517},
journal = {Comm.\ Math.\ Phys.},
month = jun,
number = {2},
pages = {152--166},
title = {{Black holes in general relativity}},
url = {http://www.springerlink.com/content/w5018k0032435281},
volume = {25},
year = {1972}
}
@article{Hinshaw2009,
author = {Hinshaw, G. and Weiland, J. L. and Hill, R. S. and Odegard, N. and Larson, D. and Bennett, C. L. and Dunkley, J. and Gold, B. and Greason, M. R. and Jarosik, N. and Komatsu, E. and Nolta, M. R. and Page, L. and Spergel, D. N. and Wollack, E. and Halpern, M. and Kogut, A. and Limon, M. and Meyer, S. S. and Tucker, G. S. and Wright, E. L.},
doi = {10.1088/0067-0049/180/2/225},
journal = {Astrophys.\ J.\ Suppl.\ Ser.},
month = feb,
number = {2},
pages = {225--245},
title = {{Five-Year Wilkinson Microwave Anisotropy Probe Observations: Data Processing, Sky Maps, And Basic Results}},
url = {http://stacks.iop.org/0067-0049/180/i=2/a=225?key=crossref.48f9eceb9f0d2aec9a303164ff6c1d6d},
volume = {180},
year = {2009}
}
@book{Hobson2006,
address = {Cambridge},
author = {Hobson, M. P. and Efstathiou, G. and Lasenby, A.N.},
publisher = {Cambridge University Press},
title = {{General Relativity: An Introduction for Physicists}},
year = {2006}
}
@article{Hoyle2004,
author = {Hoyle, C. and Kapner, D. and Heckel, B. and Adelberger, E. and Gundlach, J. and Schmidt, U. and Swanson, H.},
doi = {10.1103/PhysRevD.70.042004},
journal = {Phys.\ Rev.\ D},
month = aug,
number = {4},
pages = {042004},
title = {{Submillimeter tests of the gravitational inverse-square law}},
url = {http://prd.aps.org/abstract/PRD/v70/i4/e042004},
volume = {70},
year = {2004}
}
@article{Isaacson1968,
author = {Isaacson, Richard},
doi = {10.1103/PhysRev.166.1263},
journal = {Phys.\ Rev.},
month = feb,
number = {5},
pages = {1263--1271},
publisher = {American Physical Society},
title = {{Gravitational Radiation in the Limit of High Frequency. I. The Linear Approximation and Geometrical Optics}},
url = {http://link.aps.org/doi/10.1103/PhysRev.166.1263},
volume = {166},
year = {1968}
}
@article{Isaacson1968a,
author = {Isaacson, Richard},
doi = {10.1103/PhysRev.166.1272},
journal = {Phys.\ Rev.},
month = feb,
number = {5},
pages = {1272--1280},
publisher = {American Physical Society},
title = {{Gravitational Radiation in the Limit of High Frequency. II. Nonlinear Terms and the Effective Stress Tensor}},
url = {http://link.aps.org/doi/10.1103/PhysRev.166.1272},
volume = {166},
year = {1968}
}
@article{Israel1967,
author = {Israel, Werner},
doi = {10.1103/PhysRev.164.1776},
journal = {Phys.\ Rev.},
month = dec,
number = {5},
pages = {1776--1779},
publisher = {American Physical Society},
title = {{Event Horizons in Static Vacuum Space-Times}},
url = {http://link.aps.org/doi/10.1103/PhysRev.164.1776},
volume = {164},
year = {1967}
}
@article{Israel1968,
author = {Israel, Werner},
doi = {10.1007/BF01645859},
journal = {Comm.\ Math.\ Phys.},
month = sep,
number = {3},
pages = {245--260},
title = {{Event horizons in static electrovac space-times}},
url = {http://www.springerlink.com/content/j414u67684rv167k},
volume = {8},
year = {1968}
}
@article{Kapner2007a,
author = {Kapner, D. and Cook, T. and Adelberger, E. and Gundlach, J. and Heckel, B. and Hoyle, C. and Swanson, H.},
doi = {10.1103/PhysRevLett.98.021101},
journal = {Phys.\ Rev.\ Lett.},
month = jan,
number = {2},
pages = {021101},
publisher = {American Physical Society},
title = {{Tests of the Gravitational Inverse-Square Law below the Dark-Energy Length Scale}},
url = {http://link.aps.org/doi/10.1103/PhysRevLett.98.021101},
volume = {98},
year = {2007}
}
@article{Kerner2001a,
author = {Kerner, R. and van Holten, J. W. and Colistete, R., Jr},
doi = {10.1088/0264-9381/18/22/302},
journal = {Classical Quantum Gravity},
number = {22},
pages = {4725--4742},
title = {{Relativistic epicycles: another approach to geodesic deviations}},
url = {http://stacks.iop.org/0264-9381/18/i=22/a=302},
volume = {18},
year = {2001}
}
@article{Kesden2005,
arxivId = {astro-ph/0411478},
author = {Kesden, Michael and Gair, Jonathan and Kamionkowski, Marc},
doi = {10.1103/PhysRevD.71.044015},
journal = {Phys.\ Rev.\ D},
month = feb,
number = {4},
pages = {044015},
title = {{Gravitational-wave signature of an inspiral into a supermassive horizonless object}},
url = {http://prd.aps.org/abstract/PRD/v71/i4/e044015},
volume = {71},
year = {2005}
}
@article{Khoury2004,
author = {Khoury, Justin and Weltman, Amanda},
doi = {10.1103/PhysRevLett.93.171104},
journal = {Phys.\ Rev.\ Lett.},
month = oct,
number = {17},
pages = {171104},
title = {{Chameleon Fields: Awaiting Surprises for Tests of Gravity in Space}},
url = {http://prl.aps.org/abstract/PRL/v93/i17/e171104},
volume = {93},
year = {2004}
}
@article{Khoury2004a,
author = {Khoury, Justin and Weltman, Amanda},
doi = {10.1103/PhysRevD.69.044026},
journal = {Phys.\ Rev.\ D},
month = feb,
number = {4},
pages = {044026},
title = {{Chameleon cosmology}},
url = {http://prd.aps.org/abstract/PRD/v69/i4/e044026},
volume = {69},
year = {2004}
}
@article{Koivisto2006a,
author = {Koivisto, Tomi},
doi = {10.1088/0264-9381/23/12/N01},
journal = {Classical Quantum Gravity},
month = jun,
number = {12},
pages = {4289--4296},
title = {{A note on covariant conservation of energy-momentum in modified gravities}},
url = {http://stacks.iop.org/0264-9381/23/i=12/a=N01?key=crossref.9fe1d622429cc8358320dd1dd54ea902},
volume = {23},
year = {2006}
}
@book{Landau1975,
address = {Oxford},
author = {Landau, L. D. and Lifshitz, E. M.},
edition = {Fourth},
publisher = {Butterworth-Heinemann},
series = {Course of Theoretical Physics},
title = {{The Classical Theory of Fields}},
translator = {Hamermesh, M.},
year = {1975}
}
@article{Lovelock1970,
author = {Lovelock, David},
doi = {10.1007/BF01817753},
journal = {Aequationes Math.},
month = feb,
number = {1-2},
pages = {127--138},
title = {{Divergence-free tensorial concomitants}},
url = {http://www.springerlink.com/content/rr51726915422444},
volume = {4},
year = {1970}
}
@article{Lovelock1971,
author = {Lovelock, David},
doi = {10.1063/1.1665613},
journal = {J.\ Math.\ Phys.},
number = {3},
pages = {498},
title = {{The Einstein Tensor and Its Generalizations}},
url = {http://jmp.aip.org/jmapaq/v12/i3/p498_s1},
volume = {12},
year = {1971}
}
@article{Lovelock1972,
author = {Lovelock, David},
doi = {10.1063/1.1666069},
journal = {J.\ Math.\ Phys.},
number = {6},
pages = {874},
title = {{The Four-Dimensionality of Space and the Einstein Tensor}},
url = {http://jmp.aip.org/jmapaq/v13/i6/p874_s1},
volume = {13},
year = {1972}
}
@article{Lukes-Gerakopoulos2010,
arxivId = {1003.3120 [gr-qc]},
author = {Lukes-Gerakopoulos, Georgios and Apostolatos, Theocharis A. and Contopoulos, George},
doi = {10.1103/PhysRevD.81.124005},
journal = {Phys.\ Rev.\ D},
month = jun,
number = {12},
pages = {124005},
title = {{Observable signature of a background deviating from the Kerr metric}},
url = {http://prd.aps.org/abstract/PRD/v81/i12/e124005},
volume = {81},
year = {2010}
}
@article{Madsen1989,
author = {Madsen, M. S. and Barrow, J. D.},
doi = {10.1016/0550-3213(89)90596-8},
journal = {Nucl.\ Phys.\ B},
month = aug,
number = {1},
pages = {242--252},
title = {{De Sitter ground states and boundary terms in generalised gravity}},
url = {http://linkinghub.elsevier.com/retrieve/pii/0550321389905968},
volume = {323},
year = {1989}
}
@book{Misner1973,
address = {New York},
author = {Misner, C. W. and Thorne, K. S. and Wheeler, J. A.},
publisher = {W. H. Freeman},
title = {{Gravitation}},
year = {1973}
}
@article{Naf2010,
arxivId = {1004.2014},
author = {N\"{a}f, Joachim and Jetzer, {Ph}ilippe},
doi = {10.1103/PhysRevD.81.104003},
journal = {Phys.\ Rev.\ D},
keywords = {Earth and Planetary Astrophysics,General Relativity and Quantum Cosmology},
month = may,
number = {10},
pages = {104003},
title = {{On the $1/c$ expansion of $f(R)$ gravity}},
url = {http://arxiv.org/abs/1004.2014},
volume = {81},
year = {2010}
}
@article{Olmo2005c,
author = {Olmo, Gonzalo J.},
doi = {10.1103/PhysRevLett.95.261102},
journal = {Phys.\ Rev.\ Lett.},
month = dec,
number = {26},
pages = {261102},
publisher = {American Physical Society},
title = {{The Gravity Lagrangian According to Solar System Experiments}},
url = {http://link.aps.org/doi/10.1103/PhysRevLett.95.261102},
volume = {95},
year = {2005}
}
@article{Olmo2007c,
arxivId = {gr-qc/0612047},
author = {Olmo, Gonzalo J.},
doi = {10.1103/PhysRevD.75.023511},
journal = {Phys.\ Rev.\ D},
keywords = {Astrophysics,General Relativity and Quantum Cosmology,High Energy Physics - Theory},
month = jan,
number = {2},
pages = {023511},
title = {{Limit to general relativity in $f(R)$ theories of gravity}},
url = {http://arxiv.org/abs/gr-qc/0612047},
volume = {75},
year = {2007}
}
@article{Park2010,
arxivId = {1003.1722},
author = {Park, Minjoon and Zurek, Kathryn M. and Watson, Scott},
doi = {10.1103/PhysRevD.81.124008},
journal = {Phys.\ Rev.\ D},
keywords = {Cosmology and Extragalactic Astrophysics,General Relativity and Quantum Cosmology,High Energy Physics - Phenomenology,High Energy Physics - Theory},
month = jun,
number = {12},
pages = {124008},
title = {{Unified approach to cosmic acceleration}},
url = {http://link.aps.org/doi/10.1103/PhysRevD.81.124008},
volume = {81},
year = {2010}
}
@book{Peskin1995a,
address = {Boulder, Colorado},
author = {Peskin, Michael E. and Schroeder, Daniel V.},
publisher = {Westview Press},
title = {{An Introduction to Quantum Field Theory}},
year = {1995}
}
@article{Pechlaner1966,
author = {Pechlaner, E. and Sexl, R.},
doi = {10.1007/BF01773351},
journal = {Comm.\ Math.\ Phys.},
month = dec,
number = {1},
pages = {165--175},
title = {{On quadratic lagrangians in General Relativity}},
url = {http://www.springerlink.com/content/nk53582445172t08},
volume = {2},
year = {1966}
}
@inproceedings{Pitjeva2009a,
address = {Cambridge},
author = {Pitjeva, E. V.},
booktitle = {Proceedings of the International Astronomical Union},
doi = {10.1017/S1743921309990342},
editor = {Klioner, S. A. and Seidelmann, P. K. and Soffel, M. H.},
month = apr,
number = {S261},
pages = {170--178},
publisher = {Cambridge University Press},
title = {{EPM ephemerides and relativity}},
url = {http://www.journals.cambridge.org/abstract_S1743921309990342},
volume = {5},
year = {2009}
}
@article{Psaltis2008,
arxivId = {0710.4564},
author = {Psaltis, Dimitrios and Perrodin, Delphine and Dienes, Keith R. and Mocioiu, Irina},
doi = {10.1103/PhysRevLett.100.091101},
journal = {Phys.\ Rev.\ Lett.},
month = mar,
number = {9},
pages = {091101},
title = {{Kerr Black Holes Are Not Unique to General Relativity}},
url = {http://prl.aps.org/abstract/PRL/v100/i9/e091101},
volume = {100},
year = {2008}
}
@article{Psaltis2008a,
author = {Psaltis, Dimitrios},
journal = {Living Reviews in Relativity},
number = {9},
title = {{Probes and Tests of Strong-Field Gravity with Observations in the Electromagnetic Spectrum}},
url = {http://www.livingreviews.org/lrr-2008-9},
volume = {11},
year = {2008}
}
@article{Robinson1975,
author = {Robinson, D.},
doi = {10.1103/PhysRevLett.34.905},
journal = {Phys.\ Rev.\ Lett.},
month = apr,
number = {14},
pages = {905--906},
title = {{Uniqueness of the Kerr Black Hole}},
url = {http://prl.aps.org/abstract/PRL/v34/i14/p905_1},
volume = {34},
year = {1975}
}
@article{Ryan1995c,
author = {Ryan, Fintan D.},
doi = {10.1103/PhysRevD.52.5707},
journal = {Phys.\ Rev.\ D},
month = nov,
number = {10},
pages = {5707--5718},
title = {{Gravitational waves from the inspiral of a compact object into a massive, axisymmetric body with arbitrary multipole moments}},
url = {http://link.aps.org/doi/10.1103/PhysRevD.52.5707},
volume = {52},
year = {1995}
}
@article{Ryan1997a,
author = {Ryan, Fintan D.},
doi = {10.1103/PhysRevD.56.1845},
journal = {Phys.\ Rev.\ D},
month = aug,
number = {4},
pages = {1845--1855},
publisher = {American Physical Society},
title = {{Accuracy of estimating the multipole moments of a massive body from the gravitational waves of a binary inspiral}},
url = {http://link.aps.org/doi/10.1103/PhysRevD.56.1845},
volume = {56},
year = {1997}
}
@article{Schmidt1986,
author = {Schmidt, H.-J.},
doi = {10.1002/asna.2113070526},
journal = {Astron.\ Nachr.},
number = {5},
pages = {339--340},
title = {{The Newtonian limit of fourth-order gravity}},
url = {http://www3.interscience.wiley.com/journal/112426960/abstract},
volume = {307},
year = {1986}
}
@article{Sopuerta2009a,
arxivId = {0904.4501},
author = {Sopuerta, Carlos and Yunes, Nicol\'{a}s},
doi = {10.1103/PhysRevD.80.064006},
journal = {Phys.\ Rev.\ D},
keywords = {General Relativity and Quantum Cosmology,High Energy Astrophysical Phenomena,High Energy Physics - Theory},
month = sep,
number = {6},
pages = {064006},
title = {{Extreme- and intermediate-mass ratio inspirals in dynamical Chern-Simons modified gravity}},
url = {http://arxiv.org/abs/0904.4501},
volume = {80},
year = {2009}
}
@article{Stairs2003,
author = {Stairs, I. H.},
journal = {Living Reviews in Relativity},
number = {5},
title = {{Testing General Relativity with Pulsar Timing}},
url = {http://www.livingreviews.org/lrr-2003-5/},
volume = {6},
year = {2003}
}
@article{Stelle1978,
author = {Stelle, K. S.},
doi = {10.1007/BF00760427},
journal = {Gen.\ Relativity Gravitation},
month = apr,
number = {4},
pages = {353--371},
title = {{Classical gravity with higher derivatives}},
url = {http://www.springerlink.com/content/x4w5445226l7748p},
volume = {9},
year = {1978}
}
@article{Sotiriou2007,
arxivId = {gr-qc/0604006},
author = {Sotiriou, T and Liberati, S},
doi = {10.1016/j.aop.2006.06.002},
journal = {Ann.\ Physics},
keywords = {Astrophysics,General Relativity and Quantum Cosmology,High Energy Physics - Theory},
month = apr,
number = {4},
pages = {935--966},
title = {{Metric-affine $f(R)$ theories of gravity}},
url = {http://linkinghub.elsevier.com/retrieve/pii/S0003491606001321},
volume = {322},
year = {2007}
}
@article{Sotiriou2007b,
author = {Sotiriou, Thomas P and Liberati, Stefano},
doi = {10.1088/1742-6596/68/1/012022},
journal = {J. Phys.: Conf. Ser.},
month = may,
pages = {012022},
title = {{The metric-affine formalism of $f(R)$ gravity}},
url = {http://stacks.iop.org/1742-6596/68/i=1/a=012022},
volume = {68},
year = {2007}
}
@article{Sotiriou2010,
arxivId = {0805.1726},
author = {Sotiriou, Thomas P. and Faraoni, Valerio},
doi = {10.1103/RevModPhys.82.451},
journal = {Rev.\ Mod.\ Phys.},
keywords = {Astrophysics,General Relativity and Quantum Cosmology,High Energy Physics - Theory},
month = mar,
number = {1},
pages = {451--497},
title = {{$f(R)$ theories of gravity}},
url = {http://arxiv.org/abs/0805.1726},
volume = {82},
year = {2010}
}
@article{Stabile2010,
arxivId = {1004.1973},
author = {Stabile, A.},
doi = {10.1103/PhysRevD.82.064021},
journal = {Phys.\ Rev.\ D},
keywords = {Earth and Planetary Astrophysics,General Relativity and Quantum Cosmology},
month = sep,
number = {6},
pages = {064021(12)},
title = {{Post-Newtonian limit of $f(R)$ gravity in the harmonic gauge}},
url = {http://link.aps.org/doi/10.1103/PhysRevD.82.064021},
volume = {82},
year = {2010}
}
@article{Teyssandier1983,
author = {Teyssandier, P. and Tourrenc, {Ph.}},
doi = {10.1063/1.525659},
journal = {J.\ Math.\ Phys.},
number = {12},
pages = {2793--2799},
title = {{The Cauchy problem for the $R+R^2$ theories of gravity without torsion}},
url = {http://link.aip.org/link/?JMP/24/2793/1&Agg=doi},
volume = {24},
year = {1983}
}
@article{Teyssandier1990,
author = {Teyssandier, P.},
doi = {10.1002/asna.2113110402},
journal = {Astron.\ Nachr.},
number = {4},
pages = {209--212},
title = {{New solutions in linearizedR+R2 gravity}},
url = {http://www3.interscience.wiley.com/journal/112572502/abstract},
volume = {311},
year = {1990}
}
@book{Wald1984,
address = {Chicago},
author = {Wald, Robert M.},
publisher = {University Of Chicago Press},
title = {{General Relativity}},
year = {1984}
}
@article{Wands1994,
author = {Wands, David},
doi = {http://dx.doi.org/10.1088/0264-9381/11/1/025},
journal = {Classical Quantum Gravity},
number = {1},
pages = {269--279},
title = {{Extended gravity theories and the Einstein--Hilbert action}},
url = {http://stacks.iop.org/0264-9381/11/i=1/a=025},
volume = {11},
year = {1994}
}
@article{Willke2002,
author = {Willke, B. and Aufmuth, P. and Aulbert, C. and Babak, S. and Balasubramanian, R. and Barr, B. W. and Berukoff, S. and Bose, S. and Cagnoli, G. and Casey, M. M. and Churches, D. and Clubley, D. and Colacino, C. N. and Crooks, D. R. M. and Cutler, C. and Danzmann, K. and Davies, R. and Dupuis, R. and Elliffe, E. and Fallnich, C. and Freise, A. and Go{\ss}ler, S. and Grant, A. and Grote, H. and Heinzel, G. and Heptonstall, A. and Heurs, M. and Hewitson, M. and Hough, J. and Jennrich, O. and Kawabe, K. and K{\"o}tter, K. and Leonhardt, V. and L{\"u}ck, H. and Malec, M. and McNamara, P. W. and McIntosh, S. A. and Mossavi, K. and Mohanty, S. and Mukherjee, S. and Nagano, S. and Newton, G. P. and Owen, B. J. and Palmer, D. and Papa, M. A. and Plissi, M. V. and Quetschke, V. and Robertson, D. I. and Robertson, N. A. and Rowan, S. and R{\"u}diger, A. and Sathyaprakash, B. S. and Schilling, R. and Schutz, B. F. and Senior, R. and Sintes, A. M. and Skeldon, K. D. and Sneddon, P. and Stief, F. and Strain, K. A. and Taylor, I. and Torrie, C. I. and Vecchio, A. and Ward, H. and Weiland, U. and Welling, H. and Williams, P. and Winkler, W. and Woan, G. and Zawischa, I.},
doi = {http://dx.doi.org/10.1088/0264-9381/19/7/321},
journal = {Classical Quantum Gravity},
number = {7},
pages = {1377--1387},
title = {{The GEO 600 gravitational wave detector}},
url = {http://stacks.iop.org/0264-9381/19/i=7/a=321},
volume = {19},
year = {2002}
}
@book{Will1993,
address = {Cambridge},
author = {Will, Clifford M.},
edition = {Revised},
publisher = {Cambridge University Press},
title = {{Theory and experiment in gravitational physics}},
year = {1993}
}
@article{Will2006,
author = {Will, Clifford M.},
journal = {Living Reviews in Relativity},
number = {3},
title = {{The Confrontation between General Relativity and Experiment}},
url = {http://relativity.livingreviews.org/Articles/lrr-2006-3/},
volume = {9},
year = {2006}
}
@article{York1972,
author = {York, Jr., James W.},
doi = {10.1103/PhysRevLett.28.1082},
journal = {Phys.\ Rev.\ Lett.},
month = apr,
number = {16},
pages = {1082--1085},
title = {{Role of Conformal Three-Geometry in the Dynamics of Gravitation}},
url = {http://prl.aps.org/abstract/PRL/v28/i16/p1082_1},
volume = {28},
year = {1972}
}
